@book{hack2011libera,
  title={Libera scienza in libero Stato},
  author={Hack, Margherita},
  year={2011},
  publisher={Bur}
}

@inproceedings{cohn2020proceedings,
  title={{Proceedings of the 2020 Conference on Empirical Methods in Natural Language Processing (EMNLP)}},
  author={Cohn, Trevor and He, Yulan and Liu, Yang},
  booktitle={Proceedings of the 2020 Conference on Empirical Methods in Natural Language Processing (EMNLP)},
  year={2020}
}

@article{jurafsky2012natural,
  title={Natural language processing},
  author={Jurafsky, Dan and Manning, Christopher},
  journal={Instructor},
  volume={212},
  number={998},
  pages={3482},
  year={2012}
}


@book{APA:83,
  title={Publications Manual},
  author={American Psychological Association},
  year={1983},
  publisher={American Psychological Association, Washington, DC}
}

@article{ACM:83,
  title={{Association for Computing Machinery}},
  author={Association for Computing Machinery},
  year={1983},
  volume={24},
  number={11},
  journal={Computing Reviews},
  pages={503--512}
}