@article{alkomahLiteratureReviewTextual2022,
    author          = {Alkomah, Fatimah and Ma, Xiaogang},
    title           = {{A Literature Review of Textual Hate Speech Detection Methods and Datasets}},
    journal         = {Information},
    volume          = {13},
    year            = {2022},
    number          = {6},
    article-number  = {273},
    issn            = {2078-2489},
    doi             = {10.3390/info13060273}
}

@misc{van2023mitigating,
    author      = {{Van}, Hoang},
    title       = {{Mitigating Data Scarcity for Large Language Models}},
    year        = {2023},
    month       = feb,
    doi         = {10.48550/arXiv.2302.01806},
}

@book{nagle-2017-kill-normies,
    title       = {{Kill All Normies: Online Culture Wars from 4chan and Tumblr to Trump and the Alt-Right}},
    author      = {Nagle, Angela},
    year        = {2017},
    month       = jul,
    address     = {Winchester, Hampshire, UK},
    publisher   = {Zero Books},
    doi         = {10.5817/PC2018-3-270},
}

@article{jakiOnlineHatredWomen2019,
    title       = {{Online Hatred of Women in the Incels.me Forum: Linguistic Analysis and Automatic Detection}},
    author      = {Jaki, Sylvia and
                   De Smedt, Tom and
                   Gwóźdź, Maja and
                   Panchal, Rudresh and
                   Rossa, Alexander and
                   De Pauw, Guy},
    volume      = {7},
    issn        = {2213-1272, 2213-1280},
    doi         = {10.1075/jlac.00026.jak},
    language    = {en},
    number      = {2},
    urldate     = {2023-04-13},
    journal     = {Journal of Language Aggression and Conflict},
    year        = {2019},
    month       = nov,
    pages       = {240--268},
}

@inproceedings{farrellExploringMisogynyManosphere2019,
    title       = {{Exploring Misogyny Across the Manosphere in Reddit}},
    author      = {Farrell, Tracie and
                   Fernandez, Miriam and
                   Novotny, Jakub and
                   Alani, Harith},
    booktitle   = {{Proceedings of the 10th ACM Conference on Web Science}},
    year        = {2019},
    month       = jun,
    pages       = {87--96},
    publisher   = {ACM},
    address     = {Boston, MA},
    isbn        = {978-1-4503-6202-3},
    doi         = {10.1145/3292522.3326045},
    language    = {en},
    urldate     = {2023-04-12},
}

@mastersthesis{gothard2020exploring,
    title       = {{Exploring Incel Language and Subreddit Activity on Reddit}},
    author      = {Gothard, Kelly C.},
    year        = {2020},
    school      = {UVM Honors College},
    department  = {Mathematics and Statistics},
    type        = {Honors College Senior Thesis},
    advisor     = {Dodds, Peter S. and Danforth, Christopher M.},
    url         = {https://scholarworks.uvm.edu/hcoltheses/408},
    license     = {Creative Commons Attribution-Noncommercial-No Derivative Works 3.0 License}
}

@inproceedings{boscoOverviewEVALITA2018,
    title       = {{Overview of the EVALITA 2018 Hate Speech Detection Task}},
    author      = {Bosco, Cristina and
                   Dell'Orletta, Felice and
                   Poletto, Fabio and
                   Sanguinetti, Manuela and
                   Tesconi, Maurizio},
    pages       = {67--74},
    crossref    = {evalita-18},
}

@inproceedings{cimino2018multi,
    title       = {{Multi-task Learning in Deep Neural Networks at EVALITA 2018}},
    author      = {Cimino, Andrea and
                   De~Mattei, Lorenzo and
                   Dell'Orletta, Felice},
    pages       = {86--95},
    crossref    = {evalita-18},
}

@inproceedings{basileEVALITA2020Overview,
    title       = {{EVALITA 2020: Overview of the 7th Evaluation Campaign of Natural Language Processing and Speech Tools for Italian}},
    author      = {Basile, Valerio and
                   Maria, Di~Maro and
                   Danilo, Croce and
                   Passaro, Lucia~C. and
                   others},
    pages       = {1--7},
    crossref    = {evalita-20}
}

@inproceedings{Lavergne2020TheNorthH,
    title       = {{TheNorth @ HaSpeeDe 2: BERT-based Language Model Fine-tuning for Italian Hate Speech Detection}},
    author      = {Lavergne, Eric and
                Saini, Rajkumar and
                Kov{\'a}cs, Gy{\"o}rgy and
                Murphy, Killian},
    crossref    = {evalita-20}
}

@inproceedings{PolignanoEtAlCLIC2019,
    title       = {{AlBERTo: Italian BERT Language Understanding Model for NLP Challenging Tasks Based on Tweets}},
    author      = {Polignano, Marco and
                   Basile, Pierpaolo and
                   De~Gemmis, Marco and
                   Semeraro, Giovanni and
                   Basile, Valerio},
    crossref    = {clic-it-19},
}

@inproceedings{devlin-etal-2019-bert,
    title       = {{BERT: Pre-training of Deep Bidirectional Transformers for Language Understanding}},
    author      = {Devlin, Jacob  and
                Chang, Ming~Wei  and
                Lee, Kenton  and
                Toutanova, Kristina},
    booktitle   = {{Proceedings of the 2019 Conference of the North American Chapter of the Association for Computational Linguistics: Human Language Technologies, Volume 1}},
    editor      = {Burstein, Jill  and
                Doran, Christy  and
                Solorio, Thamar},
    year        = {2019},
    month       = jun,
    pages       = {4171--4186},
    publisher   = {Association for Computational Linguistics},
    address     = {Minneapolis, MN},
    doi         = {10.18653/v1/N19-1423},

}

@misc{musixmatch-2020-umberto,
    title           = {{UmBERTo: An Italian Language Model Trained with Whole Word Masking}},
    author          = {Parisi, Loreto and
                    Francia, Simone and
                    Magnani, Paolo},
    year            = {2020},
    howpublished    = {\url{https://github.com/musixmatchresearch/umberto}}
}

@inproceedings{Fersini2018OverviewOT,
    title       = {{Overview of the EVALITA 2018 Task on Automatic Misogyny Identification (AMI)}},
    author      = {Fersini, Elisabetta and
                  Nozza, Debora and
                  Rosso, Paolo},
    crossref    = {evalita-18}
}

@inproceedings{fersiniAMIEVALITA2020Automatic2020,
    title       = {{AMI @ EVALITA 2020: Automatic Misogyny Identification}},
    author      = {Fersini, Elisabetta and
                    Nozza, Debora and
                    Rosso, Paolo},
    crossref    = {evalita-20}
}

@inproceedings{mutiUniBOAMIMultiClass2020,
    title       = {{UniBO @ AMI: A Multi-Class Approach to Misogyny and Aggressiveness Identification on Twitter Posts Using AlBERTo}},
    author      = {Muti, Arianna and
                   Barr\'on-Cede\~no, Alberto},
    crossref    = {evalita-20},
}

@inproceedings{bonaventura2023odang,
    title       = {{O-Dang at HODI and HaSpeeDe3: A Knowledge-Enhanced Approach to Homotransphobia and Hate Speech Detection in Italian}},
    author      = {Di~Bonaventura, Chiara and
                  Muti, Arianna and
                  Stranisci, Marco~Antonio},
    crossref    = {evalita-23},
}

@inproceedings{davidson-2017-automated-hate,
    title       = {{Automated Hate Speech Detection and the Problem of Offensive Language}},
    author      = {Davidson, Thomas and
                   Warmsley, Dana and
                   Macy, Michael and
                   Weber, Ingmar}, 
    booktitle   = {Proceedings of the 11th International AAAI Conference on Web and Social Media},
    series      = {ICWSM '17},
    year        = {2017},
    address     = {Montreal, Canada},
    pages       = {512--515}
}

@article{mathew2021hatexplain, 
    title       = {{HateXplain: A Benchmark Dataset for Explainable Hate Speech Detection}},
    author      = {Mathew, Binny and
                   Saha, Punyajoy and
                   Yimam, Seid Muhie and
                   Biemann, Chris and
                   Goyal, Pawan and
                   Mukherjee, Animesh},
    journal     = {Proceedings of the AAAI Conference on Artificial Intelligence},
    year        = {2021},
    volume      = {35},
    number      = {17},
    pages       = {pp. 14867--14875},
    doi         = {10.1609/aaai.v35i17.17745},
}

@inproceedings{caselli-etal-2021-hatebert,
    title       = {{HateBERT: Retraining BERT for Abusive Language Detection in English}},
    author      = {Caselli, Tommaso  and
                    Basile, Valerio  and
                    Mitrovi{\'c}, Jelena  and
                    Granitzer, Michael},
    booktitle   = {Proceedings of the 5th Workshop on Online Abuse and Harms (WOAH 2021)},
    year        = {2021},
    month       = aug,
    pages       = {17--25},
    publisher   = {Association for Computational Linguistics},
    address     = {Online event},
    doi         = {10.18653/v1/2021.woah-1.3},
}

@article{peliconInvestigatingCrosslingualTraining2021,
    title       = {{Investigating Cross-Lingual Training for Offensive Language Detection}},
    author      = {Pelicon, Andra{\v z} and
                    Shekhar, Ravi and
                    {\v S}krlj, Bla{\v z} and
                    Purver, Matthew and
                    Pollak, Senja},
    year        = {2021},
    month       = jun,
    journal     = {PeerJ Computer Science},
    volume      = {7},
    pages       = {e559},
    issn        = {2376-5992},
    doi         = {10.7717/peerj-cs.559},
}

@misc{gokhaleSpreadLoveNot2022,
    title       = {{Spread Love Not Hate: Undermining the Importance of Hateful Pre-training for Hate Speech Detection}},
    author      = {Gokhale, Omkar and
                    Kane, Aditya and
                    Patankar, Shantanu and
                    Chavan, Tanmay and
                    Joshi, Raviraj},
    year        = {2022},
    month       = dec,
    publisher   = {arXiv},
    url         = {http://arxiv.org/abs/2210.04267},
}

@inproceedings{gajo2023identification,
    title       = {{On the Identification and Forecasting of Hate Speech in Inceldom}},
    author      = {Gajo, Paolo and
                    Muti, Arianna and
                    Korre, Katerina and
                    Bernardini, Silvia and
                    Barr\'on-Cede\~no, Alberto},
    pages       = {373--384},
    crossref    = {ranlp-23},
}

@inproceedings{Sanguinetti2020haspeedeeoverview,
    author      = {Sanguinetti, Manuela and
                  Comandini, Gloria and
                  Di~Nuovo, Elisa and
                  Frenda, Simona and
                  Stranisci, Marco and
                  Bosco, Cristina and
                  Caselli, Tommaso and
                  Patti, Viviana and
                  Russo, Irene},
    title       = {{HaSpeeDe 2 @ EVALITA2020: Overview of the EVALITA 2020 Hate Speech Detection Task}},
    crossref    = {evalita-20}
}

@proceedings{evalita-23,
    editor    = {Lai, Mirko and
                Menini, Stefano and
                Polignano, Marco and
                Russo, Valentina and
                Sprugnoli, Rachele and
                Venturi, Giulia},
    title     = {Proceedings of the Eighth Evaluation Campaign of Natural Language Processing and Speech Tools for Italian (EVALITA 2023)},
    booktitle = {Proceedings of the Eighth Evaluation Campaign of Natural Language Processing and Speech Tools for Italian (EVALITA 2023)},
    volume    = {3473},
    publisher = {CEUR-WS},
    address   = {Parma, Italy},
    year      = {2023},
}

@proceedings{evalita-20,
    editor    = {Basile, Valerio and
                Croce, Danilo and
                Di~Maro, Maria and
                C.~Passaro, Lucia},
    title     = {Proceedings of the Seventh Evaluation Campaign of Natural Language Processing and Speech Tools for Italian (EVALITA 2020)},
    booktitle = {Proceedings of the Seventh Evaluation Campaign of Natural Language Processing and Speech Tools for Italian (EVALITA 2020)},
    volume    = {2765},
    publisher = {CEUR-WS},
    address   = {Online event},
    year      = {2020},
}

@proceedings{evalita-18,
    editor    = {Caselli, Tommaso and
                Novielli, Nicole and
                Patti, Viviana and
                Rosso, Paolo},
    title     = {Proceedings of the Sixth Evaluation Campaign of Natural Language Processing and Speech Tools for Italian (EVALITA 2018)},
    booktitle = {Proceedings of the Sixth Evaluation Campaign of Natural Language Processing and Speech Tools for Italian (EVALITA 2018)},
    volume    = {2263},
    publisher = {CEUR-WS},
    address   = {Turin, Italy},
    year      = {2018},
}

@proceedings{ranlp-23,
    editor    = {Angelova, Galia and
                Kunilovskaya, Maria and
                Mitkov, Ruslan},
    title     = {Proceedings of the International Conference on Recent Advances in Natural Language Processing (RANLP 2023)},    
    booktitle = {Proceedings of the International Conference on Recent Advances in Natural Language Processing (RANLP 2023)},
    volume    = {2263},
    publisher = {INCOMA Ltd.},
    address   = {Varna, Bulgaria},
    year      = {2023},
}

@proceedings{clic-it-19,
    editor    = {Bernardi, Raffaella and
                Navigli, Roberto and
                Semeraro, Giovanni},
    title     = {Proceedings of the Sixth Italian Conference on Computational Linguistics (CLiC-it 2019)},
    booktitle = {Proceedings of the Sixth Italian Conference on Computational Linguistics (CLiC-it 2019)},
    volume    = {2481},
    publisher = {CEUR-WS},
    address   = {Bari, Italy},
    year      = {2019},
}

